Date,Bank RTN,Account Number,Transaction Type,Description,Debit,Credit,Check Number,Account Running Balance
2023-08-07,123456789,987654321,DEBIT,Grocery Store,50.00,0,1001,1250.00
2023-08-08,123456789,987654321,CREDIT,Salary,0,2000.00,,3250.00
2023-08-09,123456789,987654321,DEBIT,Rent Payment,1000.00,0,1002,2250.00
2023-08-10,123456789,987654321,DEBIT,Utilities,150.00,0,1003,2100.00
2023-08-11,123456789,987654321,DEBIT,Dining Out,75.50,0,1004,2024.50
2023-08-12,123456789,987654321,CREDIT,Freelance Work,0,500.00,,2524.50
2023-08-13,123456789,987654321,DEBIT,Online Shopping,120.00,0,1005,2404.50
2023-08-14,123456789,987654321,CREDIT,Insurance Premium,0,672.86,,3077.36
2023-08-15,123456789,987654321,DEBIT,Utility Bill,213.24,0,,2864.12
2023-08-15,123456789,987654321,DEBIT,Tax Refund,293.53,0,,2570.59
2023-08-15,123456789,987654321,CREDIT,Rent Payment,0,1867.61,,4438.2
2023-08-16,123456789,987654321,CREDIT,Utility Bill,0,904.15,,5342.35
2023-08-16,123456789,987654321,DEBIT,Education Expense,150.64,0,,5191.71
2023-08-16,123456789,987654321,DEBIT,Utility Bill,450.41,0,,4741.3
2023-08-17,123456789,987654321,CREDIT,Gas Station,0,269.77,,5011.07
2023-08-17,123456789,987654321,CREDIT,Credit Card Payment,0,953.45,,5964.52
2023-08-17,123456789,987654321,DEBIT,Investment Income,17.09,0,,5947.43
2023-08-18,123456789,987654321,DEBIT,ATM Withdrawal,102.64,0,,5844.79
2023-08-18,123456789,987654321,DEBIT,Salary Deposit,488.07,0,,5356.72
2023-08-18,123456789,987654321,CREDIT,Utility Bill,0,1564.27,,6920.99
2023-08-19,123456789,987654321,DEBIT,Online Purchase,492.74,0,3296,6428.25
2023-08-19,123456789,987654321,CREDIT,Utility Bill,0,1312.94,,7741.19
2023-08-19,123456789,987654321,CREDIT,Utility Bill,0,722.93,,8464.12
2023-08-20,123456789,987654321,CREDIT,Interest Earned,0,355.41,,8819.53
2023-08-20,123456789,987654321,DEBIT,Entertainment,213.3,0,,8606.23
2023-08-20,123456789,987654321,CREDIT,Interest Earned,0,1042.15,,9648.38
2023-08-21,123456789,987654321,CREDIT,Medical Expense,0,1620.31,,11268.69
2023-08-21,123456789,987654321,CREDIT,Restaurant,0,1640.91,,12909.6
2023-08-21,123456789,987654321,CREDIT,Tax Refund,0,1057.46,,13967.06
2023-08-22,123456789,987654321,DEBIT,Credit Card Payment,447.92,0,,13519.14
2023-08-22,123456789,987654321,DEBIT,Travel Expense,380.96,0,,13138.18
2023-08-22,123456789,987654321,DEBIT,Interest Earned,203.73,0,6794,12934.45
2023-08-23,123456789,987654321,DEBIT,Investment Income,261.65,0,,12672.8
2023-08-23,123456789,987654321,DEBIT,Medical Expense,414.96,0,,12257.84
2023-08-23,123456789,987654321,CREDIT,Travel Expense,0,1878.78,,14136.62
2023-08-24,123456789,987654321,DEBIT,Education Expense,295.88,0,2190,13840.74
2023-08-24,123456789,987654321,DEBIT,Online Purchase,425.7,0,,13415.04
2023-08-24,123456789,987654321,DEBIT,Freelance Work,185.76,0,,13229.28
2023-08-25,123456789,987654321,CREDIT,Education Expense,0,862.66,,14091.94
2023-08-25,123456789,987654321,DEBIT,Online Purchase,155.39,0,,13936.55
2023-08-25,123456789,987654321,CREDIT,Tax Refund,0,1458.43,,15394.98
2023-08-26,123456789,987654321,DEBIT,Medical Expense,104.65,0,,15290.33
2023-08-26,123456789,987654321,CREDIT,Education Expense,0,688.14,,15978.47
2023-08-26,123456789,987654321,CREDIT,Shopping,0,1080.62,,17059.09
2023-08-27,123456789,987654321,CREDIT,Bank Fee,0,1883.88,,18942.97
2023-08-27,123456789,987654321,CREDIT,Credit Card Payment,0,787.14,,19730.11
2023-08-27,123456789,987654321,DEBIT,Investment Income,284.97,0,,19445.14
2023-08-28,123456789,987654321,DEBIT,Tax Refund,402.23,0,2807,19042.91
2023-08-28,123456789,987654321,DEBIT,Education Expense,318.1,0,,18724.81
2023-08-28,123456789,987654321,DEBIT,Freelance Work,221.6,0,5653,18503.21
2023-08-29,123456789,987654321,CREDIT,Salary Deposit,0,1134.31,,19637.52
2023-08-29,123456789,987654321,DEBIT,Grocery Store,48.7,0,,19588.82
2023-08-29,123456789,987654321,DEBIT,Salary Deposit,251.28,0,,19337.54
2023-08-30,123456789,987654321,CREDIT,Entertainment,0,1306.17,,20643.71
2023-08-30,123456789,987654321,CREDIT,Travel Expense,0,1119.78,,21763.49
2023-08-30,123456789,987654321,DEBIT,Online Purchase,49.36,0,,21714.13
2023-08-31,123456789,987654321,DEBIT,Travel Expense,20.76,0,,21693.37
2023-08-31,123456789,987654321,DEBIT,Shopping,64.33,0,,21629.04
2023-08-31,123456789,987654321,CREDIT,Bank Fee,0,1344.63,,22973.67
2023-09-01,123456789,987654321,DEBIT,Tax Refund,106.82,0,4818,22866.85
2023-09-01,123456789,987654321,CREDIT,Education Expense,0,235.04,,23101.89
2023-09-01,123456789,987654321,DEBIT,Bank Fee,312.51,0,,22789.38
2023-09-02,123456789,987654321,CREDIT,Rent Payment,0,420.95,,23210.33
2023-09-02,123456789,987654321,CREDIT,Restaurant,0,1234.15,,24444.48
2023-09-02,123456789,987654321,DEBIT,ATM Withdrawal,70.59,0,,24373.89
2023-09-03,123456789,987654321,CREDIT,ATM Withdrawal,0,1515.0,,25888.89
2023-09-03,123456789,987654321,CREDIT,Tax Refund,0,362.92,,26251.81
2023-09-03,123456789,987654321,CREDIT,Education Expense,0,1534.46,,27786.27
2023-09-04,123456789,987654321,CREDIT,Entertainment,0,1714.39,,29500.66
2023-09-04,123456789,987654321,DEBIT,Credit Card Payment,77.24,0,,29423.42
2023-09-04,123456789,987654321,CREDIT,Online Purchase,0,1267.11,,30690.53
2023-09-05,123456789,987654321,CREDIT,Salary Deposit,0,1168.81,,31859.34
2023-09-05,123456789,987654321,DEBIT,Travel Expense,135.64,0,7002,31723.7
2023-09-05,123456789,987654321,DEBIT,Grocery Store,392.14,0,,31331.56
2023-09-06,123456789,987654321,DEBIT,Medical Expense,364.31,0,,30967.25
2023-09-06,123456789,987654321,DEBIT,Utility Bill,144.17,0,,30823.08
2023-09-06,123456789,987654321,DEBIT,Shopping,36.95,0,,30786.13
2023-09-07,123456789,987654321,CREDIT,Gas Station,0,1160.28,,31946.41
2023-09-07,123456789,987654321,CREDIT,Entertainment,0,409.81,,32356.22
2023-09-07,123456789,987654321,CREDIT,Insurance Premium,0,1441.09,,33797.31
2023-09-08,123456789,987654321,DEBIT,Shopping,289.26,0,,33508.05
2023-09-08,123456789,987654321,DEBIT,Freelance Work,321.87,0,,33186.18
2023-09-08,123456789,987654321,DEBIT,Tax Refund,327.2,0,,32858.98
2023-09-09,123456789,987654321,DEBIT,Investment Income,418.37,0,,32440.61
2023-09-09,123456789,987654321,CREDIT,Grocery Store,0,234.81,,32675.42
2023-09-09,123456789,987654321,CREDIT,Freelance Work,0,486.66,,33162.08
2023-09-10,123456789,987654321,DEBIT,Gas Station,191.03,0,,32971.05
2023-09-10,123456789,987654321,DEBIT,Rent Payment,69.07,0,6043,32901.98
2023-09-10,123456789,987654321,CREDIT,Tax Refund,0,1306.6,,34208.58
2023-09-11,123456789,987654321,CREDIT,Freelance Work,0,1425.42,,35634.0
2023-09-11,123456789,987654321,CREDIT,Tax Refund,0,1281.46,,36915.46
2023-09-11,123456789,987654321,DEBIT,Restaurant,17.59,0,,36897.87
2023-09-12,123456789,987654321,DEBIT,Education Expense,246.71,0,,36651.16
2023-09-12,123456789,987654321,DEBIT,Freelance Work,277.37,0,,36373.79
2023-09-12,123456789,987654321,CREDIT,ATM Withdrawal,0,1650.61,,38024.4
2023-09-13,123456789,987654321,CREDIT,Travel Expense,0,625.67,,38650.07
2023-09-13,123456789,987654321,DEBIT,Bank Fee,89.58,0,6658,38560.49
2023-09-13,123456789,987654321,CREDIT,Investment Income,0,1770.87,,40331.36
2023-09-14,123456789,987654321,CREDIT,Medical Expense,0,712.19,,41043.55
2023-09-14,123456789,987654321,DEBIT,Gas Station,229.18,0,,40814.37
2023-09-14,123456789,987654321,CREDIT,Insurance Premium,0,290.95,,41105.32
2023-09-15,123456789,987654321,CREDIT,Grocery Store,0,1118.44,,42223.76
2023-09-15,123456789,987654321,CREDIT,Salary Deposit,0,690.09,,42913.85
2023-09-15,123456789,987654321,DEBIT,Gas Station,46.56,0,,42867.29
2023-09-16,123456789,987654321,CREDIT,Education Expense,0,1457.65,,44324.94
2023-09-16,123456789,987654321,CREDIT,Investment Income,0,965.17,,45290.11
2023-09-16,123456789,987654321,CREDIT,Insurance Premium,0,1714.81,,47004.92
2023-09-17,123456789,987654321,CREDIT,Restaurant,0,687.42,,47692.34
2023-09-17,123456789,987654321,CREDIT,Tax Refund,0,1894.52,,49586.86
2023-09-17,123456789,987654321,DEBIT,Investment Income,77.87,0,,49508.99
2023-09-18,123456789,987654321,DEBIT,Credit Card Payment,351.44,0,,49157.55
2023-09-18,123456789,987654321,CREDIT,Education Expense,0,997.5,,50155.05
2023-09-18,123456789,987654321,CREDIT,Bank Fee,0,424.66,,50579.71
2023-09-19,123456789,987654321,DEBIT,Online Purchase,134.92,0,,50444.79
2023-09-19,123456789,987654321,DEBIT,Grocery Store,468.7,0,,49976.09
2023-09-19,123456789,987654321,DEBIT,Shopping,421.71,0,,49554.38
2023-09-20,123456789,987654321,CREDIT,Salary Deposit,0,599.01,,50153.39
2023-09-20,123456789,987654321,DEBIT,Interest Earned,341.58,0,,49811.81
2023-09-20,123456789,987654321,CREDIT,Medical Expense,0,1570.97,,51382.78
2023-09-21,123456789,987654321,DEBIT,Salary Deposit,232.19,0,,51150.59
2023-09-21,123456789,987654321,DEBIT,Travel Expense,439.86,0,9974,50710.73
2023-09-21,123456789,987654321,CREDIT,Insurance Premium,0,1007.08,,51717.81
2023-09-22,123456789,987654321,CREDIT,Interest Earned,0,1258.78,,52976.59
2023-09-22,123456789,987654321,CREDIT,Travel Expense,0,1064.17,,54040.76
2023-09-22,123456789,987654321,CREDIT,Shopping,0,1152.74,,55193.5
2023-09-23,123456789,987654321,DEBIT,Online Purchase,30.02,0,,55163.48
2023-09-23,123456789,987654321,CREDIT,Interest Earned,0,321.36,,55484.84
2023-09-23,123456789,987654321,DEBIT,Utility Bill,200.28,0,,55284.56
2023-09-24,123456789,987654321,CREDIT,Gas Station,0,1728.96,,57013.52
2023-09-24,123456789,987654321,CREDIT,Grocery Store,0,1949.24,,58962.76
2023-09-24,123456789,987654321,DEBIT,Restaurant,101.04,0,,58861.72
2023-09-25,123456789,987654321,CREDIT,Utility Bill,0,1705.23,,60566.95
2023-09-25,123456789,987654321,DEBIT,Entertainment,478.98,0,,60087.97
2023-09-25,123456789,987654321,CREDIT,Utility Bill,0,1869.01,,61956.98
2023-09-26,123456789,987654321,DEBIT,Restaurant,403.19,0,,61553.79
2023-09-26,123456789,987654321,CREDIT,Online Purchase,0,73.73,,61627.52
2023-09-26,123456789,987654321,DEBIT,Education Expense,464.29,0,,61163.23
2023-09-27,123456789,987654321,DEBIT,Entertainment,34.26,0,6139,61128.97
2023-09-27,123456789,987654321,DEBIT,Online Purchase,278.17,0,,60850.8
2023-09-27,123456789,987654321,CREDIT,Entertainment,0,450.68,,61301.48
2023-09-28,123456789,987654321,DEBIT,Interest Earned,451.37,0,,60850.11
2023-09-28,123456789,987654321,DEBIT,Tax Refund,76.53,0,7594,60773.58
2023-09-28,123456789,987654321,CREDIT,Entertainment,0,1384.03,,62157.61
2023-09-29,123456789,987654321,DEBIT,Medical Expense,482.4,0,6465,61675.21
2023-09-29,123456789,987654321,CREDIT,Salary Deposit,0,1074.81,,62750.02
2023-09-29,123456789,987654321,CREDIT,Freelance Work,0,1813.13,,64563.15
2023-09-30,123456789,987654321,CREDIT,Tax Refund,0,1898.79,,66461.94
2023-09-30,123456789,987654321,DEBIT,ATM Withdrawal,144.85,0,,66317.09
2023-09-30,123456789,987654321,CREDIT,Restaurant,0,118.29,,66435.38
2023-10-01,123456789,987654321,CREDIT,Salary Deposit,0,348.57,,66783.95
2023-10-01,123456789,987654321,CREDIT,Investment Income,0,1467.49,,68251.44
2023-10-01,123456789,987654321,CREDIT,Gas Station,0,795.34,,69046.78
2023-10-02,123456789,987654321,CREDIT,Shopping,0,284.44,,69331.22
2023-10-02,123456789,987654321,DEBIT,Bank Fee,356.9,0,,68974.32
2023-10-02,123456789,987654321,DEBIT,Grocery Store,108.5,0,,68865.82
2023-10-03,123456789,987654321,CREDIT,Grocery Store,0,138.18,,69004.0
2023-10-03,123456789,987654321,CREDIT,Entertainment,0,767.87,,69771.87
2023-10-03,123456789,987654321,CREDIT,Tax Refund,0,1535.23,,71307.1
2023-10-04,123456789,987654321,DEBIT,Rent Payment,479.08,0,6764,70828.02
2023-10-04,123456789,987654321,DEBIT,Entertainment,325.48,0,8218,70502.54
2023-10-04,123456789,987654321,CREDIT,Rent Payment,0,1552.47,,72055.01
2023-10-05,123456789,987654321,DEBIT,Shopping,83.52,0,,71971.49
2023-10-05,123456789,987654321,CREDIT,Entertainment,0,1178.04,,73149.53
2023-10-05,123456789,987654321,CREDIT,Credit Card Payment,0,1777.7,,74927.23
2023-10-06,123456789,987654321,CREDIT,Travel Expense,0,1383.36,,76310.59
2023-10-06,123456789,987654321,DEBIT,Grocery Store,213.98,0,5265,76096.61
2023-10-06,123456789,987654321,CREDIT,Credit Card Payment,0,1188.52,,77285.13
2023-10-07,123456789,987654321,DEBIT,Freelance Work,309.61,0,6520,76975.52
2023-10-07,123456789,987654321,CREDIT,Bank Fee,0,1127.86,,78103.38
2023-10-07,123456789,987654321,DEBIT,Insurance Premium,310.22,0,,77793.16
2023-10-08,123456789,987654321,CREDIT,Shopping,0,278.39,,78071.55
2023-10-08,123456789,987654321,CREDIT,ATM Withdrawal,0,554.56,,78626.11
2023-10-08,123456789,987654321,DEBIT,Credit Card Payment,456.88,0,,78169.23
2023-10-09,123456789,987654321,CREDIT,Shopping,0,1493.33,,79662.56
2023-10-09,123456789,987654321,DEBIT,Rent Payment,152.53,0,,79510.03
2023-10-09,123456789,987654321,CREDIT,Gas Station,0,745.74,,80255.77
2023-10-10,123456789,987654321,DEBIT,Gas Station,298.48,0,,79957.29
2023-10-10,123456789,987654321,DEBIT,Travel Expense,142.2,0,,79815.09
2023-10-10,123456789,987654321,CREDIT,Credit Card Payment,0,980.68,,80795.77
2023-10-11,123456789,987654321,CREDIT,Online Purchase,0,828.85,,81624.62
2023-10-11,123456789,987654321,DEBIT,Salary Deposit,249.94,0,,81374.68
2023-10-11,123456789,987654321,DEBIT,Travel Expense,224.92,0,1230,81149.76
2023-10-12,123456789,987654321,CREDIT,ATM Withdrawal,0,898.09,,82047.85
2023-10-12,123456789,987654321,DEBIT,Credit Card Payment,158.92,0,,81888.93
2023-10-12,123456789,987654321,CREDIT,Rent Payment,0,1189.66,,83078.59
2023-10-13,123456789,987654321,DEBIT,Online Purchase,303.84,0,,82774.75
2023-10-13,123456789,987654321,CREDIT,Online Purchase,0,928.63,,83703.38
2023-10-13,123456789,987654321,CREDIT,Freelance Work,0,1722.07,,85425.45
2023-10-14,123456789,987654321,DEBIT,Travel Expense,451.34,0,4448,84974.11
2023-10-14,123456789,987654321,CREDIT,Tax Refund,0,21.22,,84995.33
2023-10-14,123456789,987654321,DEBIT,Travel Expense,417.39,0,,84577.94
2023-10-15,123456789,987654321,CREDIT,Online Purchase,0,915.41,,85493.35
2023-10-15,123456789,987654321,DEBIT,Rent Payment,176.75,0,,85316.6
2023-10-15,123456789,987654321,CREDIT,Interest Earned,0,1398.83,,86715.43
2023-10-16,123456789,987654321,DEBIT,Travel Expense,397.46,0,,86317.97
2023-10-16,123456789,987654321,CREDIT,Medical Expense,0,833.27,,87151.24
2023-10-16,123456789,987654321,CREDIT,Credit Card Payment,0,638.39,,87789.63
2023-10-17,123456789,987654321,DEBIT,Interest Earned,333.93,0,,87455.7
2023-10-17,123456789,987654321,CREDIT,Gas Station,0,1731.61,,89187.31
2023-10-17,123456789,987654321,CREDIT,Insurance Premium,0,1609.52,,90796.83
2023-10-18,123456789,987654321,DEBIT,Education Expense,55.71,0,,90741.12
2023-10-18,123456789,987654321,DEBIT,ATM Withdrawal,429.07,0,,90312.05
2023-10-18,123456789,987654321,DEBIT,Entertainment,266.49,0,,90045.56
2023-10-19,123456789,987654321,CREDIT,Shopping,0,853.14,,90898.7
2023-10-19,123456789,987654321,CREDIT,Freelance Work,0,1839.5,,92738.2
2023-10-19,123456789,987654321,CREDIT,Gas Station,0,98.75,,92836.95
2023-10-20,123456789,987654321,CREDIT,Rent Payment,0,58.94,,92895.89
2023-10-20,123456789,987654321,DEBIT,Education Expense,67.82,0,,92828.07
2023-10-20,123456789,987654321,DEBIT,Credit Card Payment,288.72,0,,92539.35
2023-10-21,123456789,987654321,CREDIT,Investment Income,0,1657.29,,94196.64
2023-10-21,123456789,987654321,CREDIT,Rent Payment,0,345.32,,94541.96
2023-10-21,123456789,987654321,CREDIT,Shopping,0,526.72,,95068.68
2023-10-22,123456789,987654321,DEBIT,Freelance Work,195.85,0,7952,94872.83
2023-10-22,123456789,987654321,CREDIT,Restaurant,0,806.69,,95679.52
2023-10-22,123456789,987654321,DEBIT,Medical Expense,373.09,0,,95306.43
2023-10-23,123456789,987654321,DEBIT,ATM Withdrawal,419.5,0,,94886.93
2023-10-23,123456789,987654321,CREDIT,Grocery Store,0,1524.08,,96411.01
2023-10-23,123456789,987654321,CREDIT,Credit Card Payment,0,1223.29,,97634.3
2023-10-24,123456789,987654321,DEBIT,Education Expense,305.09,0,,97329.21
2023-10-24,123456789,987654321,DEBIT,Credit Card Payment,401.85,0,,96927.36
2023-10-24,123456789,987654321,DEBIT,Bank Fee,128.65,0,,96798.71
2023-10-25,123456789,987654321,CREDIT,Credit Card Payment,0,496.91,,97295.62
2023-10-25,123456789,987654321,DEBIT,Shopping,315.08,0,,96980.54
2023-10-25,123456789,987654321,CREDIT,Utility Bill,0,152.82,,97133.36
2023-10-26,123456789,987654321,DEBIT,Tax Refund,315.77,0,,96817.59
2023-10-26,123456789,987654321,DEBIT,Medical Expense,37.81,0,,96779.78
2023-10-26,123456789,987654321,DEBIT,Rent Payment,196.07,0,,96583.71
2023-10-27,123456789,987654321,DEBIT,Entertainment,28.89,0,,96554.82
2023-10-27,123456789,987654321,DEBIT,Credit Card Payment,333.57,0,3525,96221.25
2023-10-27,123456789,987654321,DEBIT,Tax Refund,85.31,0,7508,96135.94
2023-10-28,123456789,987654321,DEBIT,Insurance Premium,227.62,0,8449,95908.32
2023-10-28,123456789,987654321,CREDIT,ATM Withdrawal,0,1701.2,,97609.52
2023-10-28,123456789,987654321,CREDIT,Credit Card Payment,0,950.08,,98559.6
2023-10-29,123456789,987654321,DEBIT,Shopping,265.84,0,,98293.76
2023-10-29,123456789,987654321,CREDIT,Education Expense,0,1518.8,,99812.56
2023-10-29,123456789,987654321,DEBIT,Grocery Store,289.2,0,,99523.36
2023-10-30,123456789,987654321,DEBIT,Online Purchase,266.84,0,,99256.52
2023-10-30,123456789,987654321,CREDIT,Online Purchase,0,333.24,,99589.76
2023-10-30,123456789,987654321,CREDIT,Utility Bill,0,1032.67,,100622.43
2023-10-31,123456789,987654321,CREDIT,Investment Income,0,1681.45,,102303.88
2023-10-31,123456789,987654321,CREDIT,Utility Bill,0,1760.4,,104064.28
2023-10-31,123456789,987654321,DEBIT,Restaurant,50.9,0,,104013.38
2023-11-01,123456789,987654321,CREDIT,Salary Deposit,0,1709.96,,105723.34
2023-11-01,123456789,987654321,DEBIT,Insurance Premium,197.22,0,,105526.12
2023-11-01,123456789,987654321,CREDIT,Credit Card Payment,0,699.83,,106225.95
2023-11-02,123456789,987654321,DEBIT,Credit Card Payment,97.15,0,,106128.8
2023-11-02,123456789,987654321,DEBIT,Credit Card Payment,371.88,0,9843,105756.92
2023-11-02,123456789,987654321,DEBIT,Restaurant,336.68,0,5965,105420.24
2023-11-03,123456789,987654321,CREDIT,Entertainment,0,1734.53,,107154.77
2023-11-03,123456789,987654321,CREDIT,Utility Bill,0,1019.65,,108174.42
2023-11-03,123456789,987654321,CREDIT,Medical Expense,0,511.59,,108686.01
2023-11-04,123456789,987654321,DEBIT,Interest Earned,222.43,0,,108463.58
2023-11-04,123456789,987654321,CREDIT,Credit Card Payment,0,231.76,,108695.34
2023-11-04,123456789,987654321,CREDIT,Shopping,0,692.91,,109388.25
2023-11-05,123456789,987654321,CREDIT,Shopping,0,1259.8,,110648.05
2023-11-05,123456789,987654321,CREDIT,Online Purchase,0,864.61,,111512.66
2023-11-05,123456789,987654321,CREDIT,Salary Deposit,0,245.79,,111758.45
2023-11-06,123456789,987654321,CREDIT,Tax Refund,0,1037.05,,112795.5
2023-11-06,123456789,987654321,DEBIT,Bank Fee,275.45,0,,112520.05
2023-11-06,123456789,987654321,CREDIT,Grocery Store,0,717.59,,113237.64
2023-11-07,123456789,987654321,DEBIT,Travel Expense,375.55,0,8086,112862.09
2023-11-07,123456789,987654321,CREDIT,Shopping,0,1706.98,,114569.07
2023-11-07,123456789,987654321,CREDIT,ATM Withdrawal,0,582.98,,115152.05
2023-11-08,123456789,987654321,DEBIT,ATM Withdrawal,363.3,0,,114788.75
2023-11-08,123456789,987654321,CREDIT,Grocery Store,0,845.13,,115633.88
2023-11-08,123456789,987654321,DEBIT,Education Expense,301.2,0,,115332.68
2023-11-09,123456789,987654321,CREDIT,Investment Income,0,956.29,,116288.97
2023-11-09,123456789,987654321,DEBIT,Investment Income,109.82,0,,116179.15
2023-11-09,123456789,987654321,CREDIT,Salary Deposit,0,894.87,,117074.02
2023-11-10,123456789,987654321,DEBIT,Online Purchase,473.44,0,1599,116600.58
2023-11-10,123456789,987654321,CREDIT,Gas Station,0,908.15,,117508.73
2023-11-10,123456789,987654321,CREDIT,Insurance Premium,0,409.93,,117918.66
2023-11-11,123456789,987654321,CREDIT,Freelance Work,0,1436.15,,119354.81
2023-11-11,123456789,987654321,CREDIT,Travel Expense,0,1575.92,,120930.73
2023-11-11,123456789,987654321,CREDIT,Grocery Store,0,44.2,,120974.93
2023-11-12,123456789,987654321,CREDIT,Tax Refund,0,1681.04,,122655.97
2023-11-12,123456789,987654321,DEBIT,Shopping,121.2,0,5828,122534.77
2023-11-12,123456789,987654321,CREDIT,Salary Deposit,0,1636.3,,124171.07
2023-11-13,123456789,987654321,DEBIT,Bank Fee,292.77,0,8526,123878.3
2023-11-13,123456789,987654321,DEBIT,Grocery Store,480.91,0,,123397.39
2023-11-13,123456789,987654321,CREDIT,Shopping,0,1264.58,,124661.97
2023-11-14,123456789,987654321,DEBIT,Gas Station,98.26,0,,124563.71
2023-11-14,123456789,987654321,DEBIT,Insurance Premium,446.24,0,4206,124117.47
2023-11-14,123456789,987654321,DEBIT,Credit Card Payment,142.26,0,,123975.21
2023-11-15,123456789,987654321,DEBIT,Travel Expense,205.44,0,,123769.77
2023-11-15,123456789,987654321,CREDIT,Medical Expense,0,800.12,,124569.89
2023-11-15,123456789,987654321,DEBIT,Salary Deposit,200.13,0,4316,124369.76
2023-11-16,123456789,987654321,CREDIT,Investment Income,0,1198.56,,125568.32
2023-11-16,123456789,987654321,DEBIT,Medical Expense,52.21,0,,125516.11
2023-11-16,123456789,987654321,DEBIT,Freelance Work,107.18,0,9663,125408.93
2023-11-17,123456789,987654321,DEBIT,Medical Expense,410.48,0,,124998.45
2023-11-17,123456789,987654321,CREDIT,Investment Income,0,1172.82,,126171.27
2023-11-17,123456789,987654321,CREDIT,Gas Station,0,683.62,,126854.89
2023-11-18,123456789,987654321,CREDIT,Rent Payment,0,601.53,,127456.42
2023-11-18,123456789,987654321,CREDIT,Insurance Premium,0,1344.76,,128801.18
2023-11-18,123456789,987654321,CREDIT,Rent Payment,0,1410.86,,130212.04
2023-11-19,123456789,987654321,DEBIT,Interest Earned,219.39,0,,129992.65
2023-11-19,123456789,987654321,DEBIT,Restaurant,380.64,0,,129612.01
2023-11-19,123456789,987654321,DEBIT,Credit Card Payment,219.45,0,,129392.56
2023-11-20,123456789,987654321,DEBIT,Bank Fee,351.21,0,,129041.35
2023-11-20,123456789,987654321,CREDIT,Shopping,0,166.33,,129207.68
2023-11-20,123456789,987654321,DEBIT,Utility Bill,203.87,0,,129003.81
2023-11-21,123456789,987654321,CREDIT,ATM Withdrawal,0,1254.76,,130258.57
2023-11-21,123456789,987654321,DEBIT,Salary Deposit,109.1,0,,130149.47
2023-11-21,123456789,987654321,DEBIT,Rent Payment,356.24,0,8764,129793.23
2023-11-22,123456789,987654321,CREDIT,ATM Withdrawal,0,865.4,,130658.63
2023-11-22,123456789,987654321,CREDIT,Interest Earned,0,1359.65,,132018.28
2023-11-22,123456789,987654321,CREDIT,Freelance Work,0,229.17,,132247.45
2023-11-23,123456789,987654321,DEBIT,Travel Expense,353.16,0,,131894.29
2023-11-23,123456789,987654321,CREDIT,Education Expense,0,1012.86,,132907.15
2023-11-23,123456789,987654321,DEBIT,Salary Deposit,206.53,0,,132700.62
2023-11-24,123456789,987654321,CREDIT,Freelance Work,0,1693.93,,134394.55
2023-11-24,123456789,987654321,CREDIT,Tax Refund,0,626.71,,135021.26
2023-11-24,123456789,987654321,DEBIT,ATM Withdrawal,129.89,0,,134891.37
2023-11-25,123456789,987654321,DEBIT,Entertainment,32.3,0,4559,134859.07
2023-11-25,123456789,987654321,DEBIT,Utility Bill,103.84,0,,134755.23
2023-11-25,123456789,987654321,CREDIT,Tax Refund,0,1587.07,,136342.3
2023-11-26,123456789,987654321,CREDIT,Shopping,0,878.21,,137220.51
2023-11-26,123456789,987654321,DEBIT,Rent Payment,138.27,0,,137082.24
2023-11-26,123456789,987654321,CREDIT,Entertainment,0,602.11,,137684.35
2023-11-27,123456789,987654321,CREDIT,Gas Station,0,343.91,,138028.26
2023-11-27,123456789,987654321,DEBIT,ATM Withdrawal,467.73,0,,137560.53
2023-11-27,123456789,987654321,DEBIT,Bank Fee,476.09,0,7700,137084.44
2023-11-28,123456789,987654321,DEBIT,Entertainment,442.35,0,,136642.09
2023-11-28,123456789,987654321,CREDIT,Travel Expense,0,614.01,,137256.1
2023-11-28,123456789,987654321,CREDIT,Insurance Premium,0,489.07,,137745.17
2023-11-29,123456789,987654321,DEBIT,Restaurant,236.97,0,,137508.2
2023-11-29,123456789,987654321,CREDIT,Interest Earned,0,934.7,,138442.9
2023-11-29,123456789,987654321,CREDIT,Entertainment,0,1770.29,,140213.19
2023-11-30,123456789,987654321,CREDIT,Education Expense,0,1750.79,,141963.98
2023-11-30,123456789,987654321,CREDIT,Salary Deposit,0,1128.83,,143092.81
2023-11-30,123456789,987654321,CREDIT,Freelance Work,0,141.76,,143234.57
2023-12-01,123456789,987654321,CREDIT,Online Purchase,0,904.64,,144139.21
2023-12-01,123456789,987654321,CREDIT,Interest Earned,0,1847.96,,145987.17
2023-12-01,123456789,987654321,DEBIT,Tax Refund,111.16,0,,145876.01
2023-12-02,123456789,987654321,CREDIT,Grocery Store,0,1821.29,,147697.3
2023-12-02,123456789,987654321,DEBIT,Interest Earned,236.82,0,3403,147460.48
2023-12-02,123456789,987654321,DEBIT,Restaurant,82.74,0,,147377.74
2023-12-03,123456789,987654321,DEBIT,Salary Deposit,13.07,0,,147364.67
2023-12-03,123456789,987654321,DEBIT,Interest Earned,289.5,0,,147075.17
2023-12-03,123456789,987654321,DEBIT,Travel Expense,375.8,0,,146699.37
2023-12-04,123456789,987654321,CREDIT,Utility Bill,0,292.37,,146991.74
2023-12-04,123456789,987654321,DEBIT,Grocery Store,388.85,0,,146602.89
2023-12-04,123456789,987654321,CREDIT,Medical Expense,0,1584.2,,148187.09
2023-12-05,123456789,987654321,CREDIT,Rent Payment,0,439.33,,148626.42
2023-12-05,123456789,987654321,CREDIT,Utility Bill,0,496.72,,149123.14
2023-12-05,123456789,987654321,CREDIT,Tax Refund,0,1753.29,,150876.43
2023-12-06,123456789,987654321,CREDIT,Freelance Work,0,518.67,,151395.1
2023-12-06,123456789,987654321,CREDIT,ATM Withdrawal,0,1638.21,,153033.31
2023-12-06,123456789,987654321,DEBIT,Restaurant,160.99,0,,152872.32
2023-12-07,123456789,987654321,CREDIT,Freelance Work,0,1658.2,,154530.52
2023-12-07,123456789,987654321,DEBIT,Online Purchase,193.01,0,7336,154337.51
2023-12-07,123456789,987654321,DEBIT,Rent Payment,258.88,0,,154078.63
2023-12-08,123456789,987654321,CREDIT,Online Purchase,0,1536.76,,155615.39
2023-12-08,123456789,987654321,CREDIT,Shopping,0,1696.61,,157312.0
2023-12-08,123456789,987654321,CREDIT,Travel Expense,0,570.53,,157882.53
2023-12-09,123456789,987654321,DEBIT,Insurance Premium,265.47,0,,157617.06
2023-12-09,123456789,987654321,CREDIT,Credit Card Payment,0,1311.59,,158928.65
2023-12-09,123456789,987654321,DEBIT,Grocery Store,425.93,0,9791,158502.72
2023-12-10,123456789,987654321,DEBIT,Online Purchase,364.07,0,,158138.65
2023-12-10,123456789,987654321,DEBIT,Education Expense,348.44,0,7837,157790.21
2023-12-10,123456789,987654321,DEBIT,Entertainment,172.93,0,1998,157617.28
2023-12-11,123456789,987654321,CREDIT,ATM Withdrawal,0,1653.47,,159270.75
2023-12-11,123456789,987654321,CREDIT,Insurance Premium,0,538.96,,159809.71
2023-12-11,123456789,987654321,CREDIT,Rent Payment,0,619.14,,160428.85
2023-12-12,123456789,987654321,DEBIT,Travel Expense,413.73,0,,160015.12
2023-12-12,123456789,987654321,DEBIT,Restaurant,399.95,0,,159615.17
2023-12-12,123456789,987654321,CREDIT,Education Expense,0,1604.97,,161220.14
2023-12-13,123456789,987654321,DEBIT,Bank Fee,174.93,0,1573,161045.21
2023-12-13,123456789,987654321,CREDIT,Tax Refund,0,858.81,,161904.02
2023-12-13,123456789,987654321,DEBIT,Bank Fee,178.21,0,2651,161725.81
2023-12-14,123456789,987654321,DEBIT,Shopping,429.38,0,8649,161296.43
2023-12-14,123456789,987654321,CREDIT,Credit Card Payment,0,115.74,,161412.17
2023-12-14,123456789,987654321,CREDIT,Tax Refund,0,433.78,,161845.95
2023-12-15,123456789,987654321,DEBIT,Bank Fee,190.95,0,,161655.0
2023-12-15,123456789,987654321,CREDIT,Investment Income,0,153.12,,161808.12
2023-12-15,123456789,987654321,CREDIT,ATM Withdrawal,0,541.91,,162350.03
2023-12-16,123456789,987654321,DEBIT,Utility Bill,74.43,0,6547,162275.6
2023-12-16,123456789,987654321,CREDIT,Freelance Work,0,1940.56,,164216.16
2023-12-16,123456789,987654321,DEBIT,Gas Station,337.36,0,,163878.8
2023-12-17,123456789,987654321,DEBIT,Grocery Store,162.93,0,9624,163715.87
2023-12-17,123456789,987654321,DEBIT,Restaurant,425.46,0,,163290.41
2023-12-17,123456789,987654321,DEBIT,Insurance Premium,104.95,0,,163185.46
2023-12-18,123456789,987654321,DEBIT,Salary Deposit,40.64,0,,163144.82
2023-12-18,123456789,987654321,CREDIT,Investment Income,0,275.36,,163420.18
2023-12-18,123456789,987654321,CREDIT,Grocery Store,0,1158.35,,164578.53
2023-12-19,123456789,987654321,DEBIT,Restaurant,333.11,0,2628,164245.42
2023-12-19,123456789,987654321,CREDIT,Bank Fee,0,1485.98,,165731.4
2023-12-19,123456789,987654321,CREDIT,Gas Station,0,1063.32,,166794.72
2023-12-20,123456789,987654321,CREDIT,Credit Card Payment,0,809.0,,167603.72
2023-12-20,123456789,987654321,CREDIT,Credit Card Payment,0,533.95,,168137.67
2023-12-20,123456789,987654321,CREDIT,Bank Fee,0,482.08,,168619.75
2023-12-21,123456789,987654321,CREDIT,Investment Income,0,1267.59,,169887.34
2023-12-21,123456789,987654321,CREDIT,Education Expense,0,228.49,,170115.83
2023-12-21,123456789,987654321,CREDIT,Restaurant,0,1309.8,,171425.63
2023-12-22,123456789,987654321,CREDIT,Freelance Work,0,1441.97,,172867.6
2023-12-22,123456789,987654321,CREDIT,Insurance Premium,0,507.41,,173375.01
2023-12-22,123456789,987654321,CREDIT,Investment Income,0,1967.54,,175342.55
2023-12-23,123456789,987654321,CREDIT,Interest Earned,0,1278.0,,176620.55
2023-12-23,123456789,987654321,DEBIT,Freelance Work,399.76,0,1343,176220.79
2023-12-23,123456789,987654321,DEBIT,ATM Withdrawal,203.74,0,,176017.05
2023-12-24,123456789,987654321,DEBIT,Investment Income,279.5,0,,175737.55
2023-12-24,123456789,987654321,CREDIT,Insurance Premium,0,906.96,,176644.51
2023-12-24,123456789,987654321,DEBIT,Insurance Premium,97.86,0,,176546.65
2023-12-25,123456789,987654321,CREDIT,Utility Bill,0,1292.42,,177839.07
2023-12-25,123456789,987654321,DEBIT,Investment Income,249.03,0,,177590.04
2023-12-25,123456789,987654321,CREDIT,Investment Income,0,712.92,,178302.96
2023-12-26,123456789,987654321,DEBIT,Utility Bill,173.11,0,,178129.85
2023-12-26,123456789,987654321,CREDIT,Tax Refund,0,1746.88,,179876.73
2023-12-26,123456789,987654321,DEBIT,Online Purchase,314.82,0,5081,179561.91
2023-12-27,123456789,987654321,CREDIT,Entertainment,0,1590.76,,181152.67
2023-12-27,123456789,987654321,CREDIT,Medical Expense,0,1394.34,,182547.01
2023-12-27,123456789,987654321,DEBIT,Investment Income,218.06,0,9208,182328.95
2023-12-28,123456789,987654321,CREDIT,ATM Withdrawal,0,659.19,,182988.14
2023-12-28,123456789,987654321,CREDIT,Rent Payment,0,1954.43,,184942.57
2023-12-28,123456789,987654321,CREDIT,Education Expense,0,1999.19,,186941.76
2023-12-29,123456789,987654321,DEBIT,Online Purchase,42.73,0,8975,186899.03
2023-12-29,123456789,987654321,CREDIT,Education Expense,0,1799.08,,188698.11
2023-12-29,123456789,987654321,DEBIT,Tax Refund,64.86,0,,188633.25
2023-12-30,123456789,987654321,CREDIT,Salary Deposit,0,1796.75,,190430.0
2023-12-30,123456789,987654321,DEBIT,Freelance Work,161.94,0,,190268.06
2023-12-30,123456789,987654321,DEBIT,Tax Refund,144.28,0,9403,190123.78
2023-12-31,123456789,987654321,CREDIT,Restaurant,0,52.04,,190175.82
2023-12-31,123456789,987654321,DEBIT,Salary Deposit,492.9,0,,189682.92
2023-12-31,123456789,987654321,CREDIT,Restaurant,0,1959.11,,191642.03
2024-01-01,123456789,987654321,DEBIT,Restaurant,263.46,0,9032,191378.57
2024-01-01,123456789,987654321,CREDIT,Entertainment,0,1957.7,,193336.27
2024-01-01,123456789,987654321,DEBIT,Grocery Store,443.29,0,,192892.98
2024-01-02,123456789,987654321,DEBIT,Salary Deposit,43.96,0,,192849.02
2024-01-02,123456789,987654321,CREDIT,Rent Payment,0,271.92,,193120.94
2024-01-02,123456789,987654321,CREDIT,Travel Expense,0,68.3,,193189.24
2024-01-03,123456789,987654321,DEBIT,ATM Withdrawal,299.91,0,9202,192889.33
2024-01-03,123456789,987654321,CREDIT,Entertainment,0,920.63,,193809.96
2024-01-03,123456789,987654321,DEBIT,Medical Expense,320.82,0,,193489.14
2024-01-04,123456789,987654321,DEBIT,Online Purchase,165.52,0,,193323.62
2024-01-04,123456789,987654321,DEBIT,Tax Refund,34.42,0,5121,193289.2
2024-01-04,123456789,987654321,CREDIT,Restaurant,0,417.59,,193706.79
2024-01-05,123456789,987654321,DEBIT,Gas Station,273.61,0,8144,193433.18
2024-01-05,123456789,987654321,CREDIT,Bank Fee,0,239.15,,193672.33
2024-01-05,123456789,987654321,DEBIT,Medical Expense,188.02,0,,193484.31
2024-01-06,123456789,987654321,DEBIT,Shopping,494.92,0,7144,192989.39
2024-01-06,123456789,987654321,DEBIT,Utility Bill,24.94,0,,192964.45
2024-01-06,123456789,987654321,CREDIT,Investment Income,0,188.79,,193153.24
2024-01-07,123456789,987654321,CREDIT,Bank Fee,0,1487.48,,194640.72
2024-01-07,123456789,987654321,CREDIT,Rent Payment,0,195.71,,194836.43
2024-01-07,123456789,987654321,DEBIT,Investment Income,304.37,0,,194532.06
2024-01-08,123456789,987654321,DEBIT,Shopping,283.91,0,,194248.15
2024-01-08,123456789,987654321,CREDIT,Entertainment,0,925.2,,195173.35
2024-01-08,123456789,987654321,CREDIT,Rent Payment,0,1699.27,,196872.62
2024-01-09,123456789,987654321,CREDIT,Credit Card Payment,0,519.74,,197392.36
2024-01-09,123456789,987654321,CREDIT,ATM Withdrawal,0,1097.08,,198489.44
2024-01-09,123456789,987654321,DEBIT,Salary Deposit,33.57,0,6257,198455.87
2024-01-10,123456789,987654321,CREDIT,Grocery Store,0,1280.59,,199736.46
2024-01-10,123456789,987654321,DEBIT,Utility Bill,55.84,0,9549,199680.62
2024-01-10,123456789,987654321,CREDIT,Medical Expense,0,389.75,,200070.37
2024-01-11,123456789,987654321,DEBIT,Freelance Work,52.57,0,,200017.8
2024-01-11,123456789,987654321,DEBIT,ATM Withdrawal,171.67,0,8041,199846.13
2024-01-11,123456789,987654321,CREDIT,Investment Income,0,1989.28,,201835.41
2024-01-12,123456789,987654321,DEBIT,Interest Earned,455.73,0,,201379.68
2024-01-12,123456789,987654321,CREDIT,Bank Fee,0,517.41,,201897.09
2024-01-12,123456789,987654321,DEBIT,Entertainment,72.76,0,,201824.33
2024-01-13,123456789,987654321,DEBIT,Shopping,231.39,0,,201592.94
2024-01-13,123456789,987654321,CREDIT,Online Purchase,0,1832.92,,203425.86
2024-01-13,123456789,987654321,DEBIT,Medical Expense,475.09,0,,202950.77
2024-01-14,123456789,987654321,CREDIT,Education Expense,0,226.26,,203177.03
2024-01-14,123456789,987654321,CREDIT,Medical Expense,0,186.71,,203363.74
2024-01-14,123456789,987654321,CREDIT,Insurance Premium,0,1142.45,,204506.19
2024-01-15,123456789,987654321,CREDIT,Gas Station,0,1375.91,,205882.1
2024-01-15,123456789,987654321,CREDIT,Salary Deposit,0,1907.53,,207789.63
2024-01-15,123456789,987654321,CREDIT,Shopping,0,68.34,,207857.97
2024-01-16,123456789,987654321,DEBIT,Bank Fee,324.3,0,2663,207533.67
2024-01-16,123456789,987654321,DEBIT,Freelance Work,14.08,0,,207519.59
2024-01-16,123456789,987654321,CREDIT,Entertainment,0,560.1,,208079.69
2024-01-17,123456789,987654321,CREDIT,Education Expense,0,1093.06,,209172.75
2024-01-17,123456789,987654321,CREDIT,Rent Payment,0,1409.03,,210581.78
2024-01-17,123456789,987654321,CREDIT,Utility Bill,0,1329.28,,211911.06
2024-01-18,123456789,987654321,DEBIT,Investment Income,52.15,0,,211858.91
2024-01-18,123456789,987654321,CREDIT,Travel Expense,0,1445.04,,213303.95
2024-01-18,123456789,987654321,CREDIT,Education Expense,0,523.82,,213827.77
2024-01-19,123456789,987654321,CREDIT,Education Expense,0,1821.32,,215649.09
2024-01-19,123456789,987654321,CREDIT,Utility Bill,0,715.71,,216364.8
2024-01-19,123456789,987654321,CREDIT,ATM Withdrawal,0,1770.83,,218135.63
2024-01-20,123456789,987654321,DEBIT,Restaurant,170.64,0,,217964.99
2024-01-20,123456789,987654321,CREDIT,Rent Payment,0,940.1,,218905.09
2024-01-20,123456789,987654321,CREDIT,Credit Card Payment,0,341.11,,219246.2
2024-01-21,123456789,987654321,CREDIT,Utility Bill,0,584.3,,219830.5
2024-01-21,123456789,987654321,DEBIT,Interest Earned,375.96,0,,219454.54
2024-01-21,123456789,987654321,DEBIT,Online Purchase,377.84,0,,219076.7
2024-01-22,123456789,987654321,DEBIT,Travel Expense,476.73,0,7778,218599.97
2024-01-22,123456789,987654321,DEBIT,Utility Bill,234.72,0,,218365.25
2024-01-22,123456789,987654321,DEBIT,Entertainment,362.53,0,,218002.72
2024-01-23,123456789,987654321,CREDIT,Restaurant,0,386.28,,218389.0
2024-01-23,123456789,987654321,DEBIT,Insurance Premium,168.53,0,3797,218220.47
2024-01-23,123456789,987654321,DEBIT,Travel Expense,450.9,0,,217769.57
2024-01-24,123456789,987654321,DEBIT,Utility Bill,124.6,0,,217644.97
2024-01-24,123456789,987654321,DEBIT,Restaurant,378.86,0,,217266.11
2024-01-24,123456789,987654321,CREDIT,Bank Fee,0,662.24,,217928.35
2024-01-25,123456789,987654321,CREDIT,ATM Withdrawal,0,555.83,,218484.18
2024-01-25,123456789,987654321,DEBIT,Investment Income,285.7,0,,218198.48
2024-01-25,123456789,987654321,CREDIT,Education Expense,0,223.62,,218422.1
2024-01-26,123456789,987654321,DEBIT,Entertainment,190.0,0,,218232.1
2024-01-26,123456789,987654321,DEBIT,Interest Earned,464.15,0,,217767.95
2024-01-26,123456789,987654321,DEBIT,Online Purchase,405.67,0,2472,217362.28
2024-01-27,123456789,987654321,DEBIT,Freelance Work,288.94,0,,217073.34
2024-01-27,123456789,987654321,CREDIT,Investment Income,0,537.36,,217610.7
2024-01-27,123456789,987654321,DEBIT,Restaurant,406.67,0,,217204.03
2024-01-28,123456789,987654321,DEBIT,Rent Payment,256.3,0,6679,216947.73
2024-01-28,123456789,987654321,CREDIT,Interest Earned,0,653.01,,217600.74
2024-01-28,123456789,987654321,DEBIT,Insurance Premium,295.07,0,,217305.67
2024-01-29,123456789,987654321,DEBIT,Investment Income,495.74,0,,216809.93
2024-01-29,123456789,987654321,DEBIT,Bank Fee,468.07,0,7685,216341.86
2024-01-29,123456789,987654321,DEBIT,Tax Refund,91.35,0,,216250.51
2024-01-30,123456789,987654321,CREDIT,Bank Fee,0,1330.55,,217581.06
2024-01-30,123456789,987654321,DEBIT,ATM Withdrawal,302.01,0,,217279.05
2024-01-30,123456789,987654321,DEBIT,Tax Refund,279.82,0,,216999.23
2024-01-31,123456789,987654321,DEBIT,Credit Card Payment,371.13,0,,216628.1
2024-01-31,123456789,987654321,DEBIT,Tax Refund,152.43,0,,216475.67
2024-01-31,123456789,987654321,DEBIT,Insurance Premium,411.82,0,5257,216063.85
2024-02-01,123456789,987654321,DEBIT,Credit Card Payment,463.43,0,,215600.42
2024-02-01,123456789,987654321,DEBIT,Tax Refund,79.29,0,,215521.13
2024-02-01,123456789,987654321,CREDIT,Freelance Work,0,1242.58,,216763.71
2024-02-02,123456789,987654321,CREDIT,Bank Fee,0,1369.56,,218133.27
2024-02-02,123456789,987654321,DEBIT,Bank Fee,23.8,0,,218109.47
2024-02-02,123456789,987654321,CREDIT,Interest Earned,0,173.86,,218283.33
2024-02-03,123456789,987654321,DEBIT,Interest Earned,224.07,0,5546,218059.26
2024-02-03,123456789,987654321,DEBIT,Education Expense,357.45,0,,217701.81
2024-02-03,123456789,987654321,CREDIT,Salary Deposit,0,45.05,,217746.86
2024-02-04,123456789,987654321,CREDIT,Restaurant,0,1611.14,,219358.0
2024-02-04,123456789,987654321,CREDIT,Freelance Work,0,629.75,,219987.75
2024-02-04,123456789,987654321,DEBIT,Credit Card Payment,462.8,0,,219524.95
2024-02-05,123456789,987654321,DEBIT,Freelance Work,26.73,0,4211,219498.22
2024-02-05,123456789,987654321,DEBIT,Tax Refund,197.32,0,3399,219300.9
2024-02-05,123456789,987654321,CREDIT,Credit Card Payment,0,1788.87,,221089.77
2024-02-06,123456789,987654321,DEBIT,Investment Income,355.09,0,,220734.68
2024-02-06,123456789,987654321,DEBIT,Salary Deposit,278.88,0,,220455.8
2024-02-06,123456789,987654321,CREDIT,Grocery Store,0,1220.98,,221676.78
2024-02-07,123456789,987654321,CREDIT,Freelance Work,0,231.76,,221908.54
2024-02-07,123456789,987654321,CREDIT,Restaurant,0,1911.83,,223820.37
2024-02-07,123456789,987654321,DEBIT,Utility Bill,499.76,0,,223320.61
2024-02-08,123456789,987654321,DEBIT,Rent Payment,448.61,0,,222872.0
2024-02-08,123456789,987654321,DEBIT,Credit Card Payment,137.04,0,8574,222734.96
2024-02-08,123456789,987654321,DEBIT,Medical Expense,207.37,0,,222527.59
2024-02-09,123456789,987654321,DEBIT,Salary Deposit,400.45,0,,222127.14
2024-02-09,123456789,987654321,CREDIT,Restaurant,0,843.39,,222970.53
2024-02-09,123456789,987654321,DEBIT,Rent Payment,493.65,0,,222476.88
2024-02-10,123456789,987654321,DEBIT,Rent Payment,69.26,0,,222407.62
2024-02-10,123456789,987654321,DEBIT,Tax Refund,206.61,0,5480,222201.01
2024-02-10,123456789,987654321,CREDIT,Utility Bill,0,1662.21,,223863.22
2024-02-11,123456789,987654321,DEBIT,Grocery Store,189.97,0,2877,223673.25
2024-02-11,123456789,987654321,DEBIT,Bank Fee,499.01,0,8739,223174.24
2024-02-11,123456789,987654321,DEBIT,Medical Expense,406.34,0,4385,222767.9
2024-02-12,123456789,987654321,CREDIT,Interest Earned,0,1490.57,,224258.47
2024-02-12,123456789,987654321,CREDIT,Utility Bill,0,1412.73,,225671.2
2024-02-12,123456789,987654321,DEBIT,ATM Withdrawal,179.4,0,,225491.8
2024-02-13,123456789,987654321,CREDIT,Salary Deposit,0,807.52,,226299.32
2024-02-13,123456789,987654321,DEBIT,Credit Card Payment,261.4,0,4664,226037.92
2024-02-13,123456789,987654321,CREDIT,Medical Expense,0,1476.38,,227514.3
2024-02-14,123456789,987654321,DEBIT,Education Expense,371.95,0,6993,227142.35
2024-02-14,123456789,987654321,DEBIT,Gas Station,488.53,0,,226653.82
2024-02-14,123456789,987654321,CREDIT,Medical Expense,0,754.75,,227408.57
2024-02-15,123456789,987654321,CREDIT,Shopping,0,1261.77,,228670.34
2024-02-15,123456789,987654321,CREDIT,Online Purchase,0,1836.28,,230506.62
2024-02-15,123456789,987654321,DEBIT,Online Purchase,403.22,0,,230103.4
2024-02-16,123456789,987654321,CREDIT,Shopping,0,903.69,,231007.09
2024-02-16,123456789,987654321,DEBIT,ATM Withdrawal,133.87,0,1195,230873.22
2024-02-16,123456789,987654321,CREDIT,Gas Station,0,1200.19,,232073.41
2024-02-17,123456789,987654321,CREDIT,Interest Earned,0,358.3,,232431.71
2024-02-17,123456789,987654321,DEBIT,Grocery Store,191.24,0,,232240.47
2024-02-17,123456789,987654321,DEBIT,Shopping,31.8,0,,232208.67
2024-02-18,123456789,987654321,DEBIT,Restaurant,249.58,0,,231959.09
2024-02-18,123456789,987654321,DEBIT,Entertainment,100.41,0,,231858.68
2024-02-18,123456789,987654321,DEBIT,Online Purchase,214.43,0,,231644.25
2024-02-19,123456789,987654321,CREDIT,Credit Card Payment,0,617.62,,232261.87
2024-02-19,123456789,987654321,CREDIT,Medical Expense,0,425.91,,232687.78
2024-02-19,123456789,987654321,CREDIT,Education Expense,0,369.26,,233057.04
2024-02-20,123456789,987654321,CREDIT,Utility Bill,0,1638.4,,234695.44
2024-02-20,123456789,987654321,DEBIT,Restaurant,435.03,0,6440,234260.41
2024-02-20,123456789,987654321,CREDIT,Entertainment,0,1403.51,,235663.92
2024-02-21,123456789,987654321,CREDIT,Tax Refund,0,651.42,,236315.34
2024-02-21,123456789,987654321,CREDIT,Investment Income,0,1491.82,,237807.16
2024-02-21,123456789,987654321,DEBIT,ATM Withdrawal,348.05,0,8893,237459.11
2024-02-22,123456789,987654321,CREDIT,Salary Deposit,0,844.86,,238303.97
2024-02-22,123456789,987654321,DEBIT,Entertainment,135.44,0,2802,238168.53
2024-02-22,123456789,987654321,CREDIT,ATM Withdrawal,0,230.71,,238399.24
2024-02-23,123456789,987654321,CREDIT,Investment Income,0,1638.7,,240037.94
2024-02-23,123456789,987654321,DEBIT,Online Purchase,149.1,0,,239888.84
2024-02-23,123456789,987654321,CREDIT,Restaurant,0,356.28,,240245.12
2024-02-24,123456789,987654321,CREDIT,Bank Fee,0,389.22,,240634.34
2024-02-24,123456789,987654321,CREDIT,Education Expense,0,1398.81,,242033.15
2024-02-24,123456789,987654321,DEBIT,Utility Bill,407.71,0,1611,241625.44
2024-02-25,123456789,987654321,CREDIT,Grocery Store,0,1145.1,,242770.54
2024-02-25,123456789,987654321,CREDIT,Travel Expense,0,405.32,,243175.86
2024-02-25,123456789,987654321,CREDIT,Salary Deposit,0,1178.9,,244354.76
2024-02-26,123456789,987654321,DEBIT,Interest Earned,291.16,0,,244063.6
2024-02-26,123456789,987654321,CREDIT,Rent Payment,0,1979.18,,246042.78
2024-02-26,123456789,987654321,CREDIT,Travel Expense,0,45.67,,246088.45
2024-02-27,123456789,987654321,CREDIT,Bank Fee,0,475.55,,246564.0
2024-02-27,123456789,987654321,DEBIT,Insurance Premium,471.49,0,2442,246092.51
2024-02-27,123456789,987654321,DEBIT,Tax Refund,357.55,0,6128,245734.96
2024-02-28,123456789,987654321,CREDIT,Education Expense,0,1279.43,,247014.39
2024-02-28,123456789,987654321,CREDIT,Online Purchase,0,66.48,,247080.87
2024-02-28,123456789,987654321,CREDIT,Salary Deposit,0,1831.74,,248912.61
2024-02-29,123456789,987654321,DEBIT,Tax Refund,485.73,0,,248426.88
2024-02-29,123456789,987654321,DEBIT,Travel Expense,93.68,0,,248333.2
2024-02-29,123456789,987654321,DEBIT,Credit Card Payment,344.14,0,,247989.06
2024-03-01,123456789,987654321,CREDIT,Salary Deposit,0,1913.22,,249902.28
2024-03-01,123456789,987654321,CREDIT,Travel Expense,0,875.25,,250777.53
2024-03-01,123456789,987654321,CREDIT,Online Purchase,0,1715.58,,252493.11
2024-03-02,123456789,987654321,CREDIT,Credit Card Payment,0,1557.59,,254050.7
2024-03-02,123456789,987654321,CREDIT,Insurance Premium,0,83.45,,254134.15
2024-03-02,123456789,987654321,CREDIT,Medical Expense,0,799.31,,254933.46
2024-03-03,123456789,987654321,CREDIT,Online Purchase,0,392.46,,255325.92
2024-03-03,123456789,987654321,DEBIT,Credit Card Payment,49.13,0,,255276.79
2024-03-03,123456789,987654321,DEBIT,Tax Refund,279.04,0,,254997.75
2024-03-04,123456789,987654321,DEBIT,Bank Fee,278.09,0,,254719.66
2024-03-04,123456789,987654321,DEBIT,Credit Card Payment,305.04,0,,254414.62
2024-03-04,123456789,987654321,DEBIT,Education Expense,401.99,0,3772,254012.63
2024-03-05,123456789,987654321,CREDIT,Utility Bill,0,1842.81,,255855.44
2024-03-05,123456789,987654321,DEBIT,Shopping,418.67,0,,255436.77
2024-03-05,123456789,987654321,CREDIT,Education Expense,0,744.68,,256181.45
2024-03-06,123456789,987654321,DEBIT,Travel Expense,456.95,0,,255724.5
2024-03-06,123456789,987654321,CREDIT,Insurance Premium,0,1127.08,,256851.58
2024-03-06,123456789,987654321,CREDIT,Grocery Store,0,1268.45,,258120.03
2024-03-07,123456789,987654321,CREDIT,Rent Payment,0,1222.02,,259342.05
2024-03-07,123456789,987654321,DEBIT,Utility Bill,28.87,0,,259313.18
2024-03-07,123456789,987654321,CREDIT,Medical Expense,0,347.76,,259660.94
2024-03-08,123456789,987654321,DEBIT,Freelance Work,458.65,0,2916,259202.29
2024-03-08,123456789,987654321,DEBIT,Grocery Store,445.04,0,5077,258757.25
2024-03-08,123456789,987654321,CREDIT,Interest Earned,0,208.72,,258965.97
2024-03-09,123456789,987654321,CREDIT,Medical Expense,0,1508.97,,260474.94
2024-03-09,123456789,987654321,DEBIT,Salary Deposit,220.86,0,,260254.08
2024-03-09,123456789,987654321,DEBIT,Credit Card Payment,45.51,0,,260208.57
2024-03-10,123456789,987654321,DEBIT,Rent Payment,483.19,0,,259725.38
2024-03-10,123456789,987654321,CREDIT,Rent Payment,0,280.72,,260006.1
2024-03-10,123456789,987654321,CREDIT,ATM Withdrawal,0,1623.67,,261629.77
2024-03-11,123456789,987654321,DEBIT,Shopping,259.97,0,,261369.8
2024-03-11,123456789,987654321,DEBIT,Medical Expense,246.21,0,1109,261123.59
2024-03-11,123456789,987654321,DEBIT,Salary Deposit,227.65,0,,260895.94
2024-03-12,123456789,987654321,DEBIT,Insurance Premium,368.63,0,,260527.31
2024-03-12,123456789,987654321,DEBIT,Freelance Work,159.39,0,9223,260367.92
2024-03-12,123456789,987654321,DEBIT,Online Purchase,9.94,0,,260357.98
2024-03-13,123456789,987654321,DEBIT,Education Expense,316.01,0,,260041.97
2024-03-13,123456789,987654321,DEBIT,Online Purchase,196.94,0,,259845.03
2024-03-13,123456789,987654321,DEBIT,Bank Fee,301.76,0,1349,259543.27
2024-03-14,123456789,987654321,DEBIT,Tax Refund,444.84,0,6066,259098.43
2024-03-14,123456789,987654321,CREDIT,Medical Expense,0,966.99,,260065.42
2024-03-14,123456789,987654321,CREDIT,Grocery Store,0,1820.77,,261886.19
2024-03-15,123456789,987654321,CREDIT,Interest Earned,0,53.85,,261940.04
2024-03-15,123456789,987654321,DEBIT,Grocery Store,293.96,0,4477,261646.08
2024-03-15,123456789,987654321,CREDIT,Restaurant,0,344.12,,261990.2
2024-03-16,123456789,987654321,DEBIT,Travel Expense,234.15,0,,261756.05
2024-03-16,123456789,987654321,DEBIT,ATM Withdrawal,151.43,0,,261604.62
2024-03-16,123456789,987654321,DEBIT,Bank Fee,168.23,0,9579,261436.39
2024-03-17,123456789,987654321,DEBIT,Investment Income,269.97,0,,261166.42
2024-03-17,123456789,987654321,CREDIT,Tax Refund,0,1999.13,,263165.55
2024-03-17,123456789,987654321,CREDIT,Bank Fee,0,1955.49,,265121.04
2024-03-18,123456789,987654321,CREDIT,ATM Withdrawal,0,782.99,,265904.03
2024-03-18,123456789,987654321,CREDIT,Credit Card Payment,0,259.6,,266163.63
2024-03-18,123456789,987654321,CREDIT,Medical Expense,0,829.45,,266993.08
2024-03-19,123456789,987654321,DEBIT,Entertainment,205.06,0,,266788.02
2024-03-19,123456789,987654321,CREDIT,Credit Card Payment,0,262.21,,267050.23
2024-03-19,123456789,987654321,DEBIT,Online Purchase,408.2,0,,266642.03
2024-03-20,123456789,987654321,DEBIT,Freelance Work,246.12,0,,266395.91
2024-03-20,123456789,987654321,DEBIT,Bank Fee,80.34,0,5922,266315.57
2024-03-20,123456789,987654321,CREDIT,ATM Withdrawal,0,97.49,,266413.06
2024-03-21,123456789,987654321,DEBIT,ATM Withdrawal,71.84,0,,266341.22
2024-03-21,123456789,987654321,DEBIT,Bank Fee,241.69,0,,266099.53
2024-03-21,123456789,987654321,DEBIT,Entertainment,199.44,0,7160,265900.09
2024-03-22,123456789,987654321,CREDIT,Interest Earned,0,1327.27,,267227.36
2024-03-22,123456789,987654321,CREDIT,Insurance Premium,0,1351.53,,268578.89
2024-03-22,123456789,987654321,DEBIT,Freelance Work,438.45,0,,268140.44
2024-03-23,123456789,987654321,CREDIT,Education Expense,0,1359.38,,269499.82
2024-03-23,123456789,987654321,CREDIT,Utility Bill,0,441.18,,269941.0
2024-03-23,123456789,987654321,DEBIT,Insurance Premium,232.98,0,5863,269708.02
2024-03-24,123456789,987654321,CREDIT,Education Expense,0,1103.81,,270811.83
2024-03-24,123456789,987654321,CREDIT,Medical Expense,0,1734.97,,272546.8
2024-03-24,123456789,987654321,DEBIT,Entertainment,92.26,0,,272454.54
2024-03-25,123456789,987654321,DEBIT,ATM Withdrawal,112.52,0,8472,272342.02
2024-03-25,123456789,987654321,DEBIT,Medical Expense,339.34,0,6999,272002.68
2024-03-25,123456789,987654321,CREDIT,Medical Expense,0,1498.1,,273500.78
2024-03-26,123456789,987654321,CREDIT,Insurance Premium,0,1670.09,,275170.87
2024-03-26,123456789,987654321,CREDIT,Utility Bill,0,1965.22,,277136.09
2024-03-26,123456789,987654321,DEBIT,Interest Earned,491.92,0,,276644.17
2024-03-27,123456789,987654321,CREDIT,Interest Earned,0,1827.07,,278471.24
2024-03-27,123456789,987654321,CREDIT,Tax Refund,0,566.7,,279037.94
2024-03-27,123456789,987654321,CREDIT,Utility Bill,0,1902.18,,280940.12
2024-03-28,123456789,987654321,DEBIT,Interest Earned,361.95,0,5878,280578.17
2024-03-28,123456789,987654321,DEBIT,Grocery Store,300.72,0,1109,280277.45
2024-03-28,123456789,987654321,DEBIT,Online Purchase,75.71,0,,280201.74
2024-03-29,123456789,987654321,CREDIT,Rent Payment,0,1348.86,,281550.6
2024-03-29,123456789,987654321,CREDIT,Entertainment,0,1119.45,,282670.05
2024-03-29,123456789,987654321,CREDIT,Rent Payment,0,667.19,,283337.24
2024-03-30,123456789,987654321,DEBIT,Insurance Premium,481.81,0,8593,282855.43
2024-03-30,123456789,987654321,DEBIT,Rent Payment,416.94,0,,282438.49
2024-03-30,123456789,987654321,CREDIT,Bank Fee,0,365.12,,282803.61
2024-03-31,123456789,987654321,DEBIT,Insurance Premium,355.47,0,7683,282448.14
2024-03-31,123456789,987654321,DEBIT,Interest Earned,187.49,0,,282260.65
2024-03-31,123456789,987654321,DEBIT,Insurance Premium,17.01,0,,282243.64
2024-04-01,123456789,987654321,DEBIT,Gas Station,406.94,0,1697,281836.7
2024-04-01,123456789,987654321,CREDIT,Grocery Store,0,1302.56,,283139.26
2024-04-01,123456789,987654321,CREDIT,Credit Card Payment,0,1504.41,,284643.67
2024-04-02,123456789,987654321,CREDIT,Freelance Work,0,426.42,,285070.09
2024-04-02,123456789,987654321,CREDIT,Online Purchase,0,1653.19,,286723.28
2024-04-02,123456789,987654321,DEBIT,Salary Deposit,105.98,0,,286617.3
2024-04-03,123456789,987654321,DEBIT,Shopping,191.7,0,,286425.6
2024-04-03,123456789,987654321,DEBIT,Online Purchase,118.07,0,9596,286307.53
2024-04-03,123456789,987654321,CREDIT,Education Expense,0,480.9,,286788.43
2024-04-04,123456789,987654321,CREDIT,Investment Income,0,1420.82,,288209.25
2024-04-04,123456789,987654321,DEBIT,Utility Bill,179.92,0,,288029.33
2024-04-04,123456789,987654321,DEBIT,Medical Expense,279.26,0,6564,287750.07
2024-04-05,123456789,987654321,DEBIT,ATM Withdrawal,473.43,0,7237,287276.64
2024-04-05,123456789,987654321,DEBIT,Entertainment,361.42,0,,286915.22
2024-04-05,123456789,987654321,CREDIT,Travel Expense,0,1631.55,,288546.77
2024-04-06,123456789,987654321,DEBIT,Entertainment,276.38,0,,288270.39
2024-04-06,123456789,987654321,DEBIT,Tax Refund,447.01,0,,287823.38
2024-04-06,123456789,987654321,DEBIT,ATM Withdrawal,475.53,0,6025,287347.85
2024-04-07,123456789,987654321,DEBIT,Utility Bill,392.7,0,9366,286955.15
2024-04-07,123456789,987654321,CREDIT,Shopping,0,857.81,,287812.96
2024-04-07,123456789,987654321,CREDIT,Investment Income,0,1554.47,,289367.43
2024-04-08,123456789,987654321,DEBIT,Education Expense,158.13,0,,289209.3
2024-04-08,123456789,987654321,CREDIT,Medical Expense,0,1016.51,,290225.81
2024-04-08,123456789,987654321,DEBIT,Shopping,143.29,0,,290082.52
2024-04-09,123456789,987654321,CREDIT,Online Purchase,0,1018.71,,291101.23
2024-04-09,123456789,987654321,DEBIT,Medical Expense,347.58,0,5204,290753.65
2024-04-09,123456789,987654321,DEBIT,Gas Station,473.46,0,,290280.19
2024-04-10,123456789,987654321,CREDIT,Entertainment,0,721.05,,291001.24
2024-04-10,123456789,987654321,DEBIT,Restaurant,222.49,0,,290778.75
2024-04-10,123456789,987654321,DEBIT,Rent Payment,399.51,0,,290379.24
2024-04-11,123456789,987654321,DEBIT,Credit Card Payment,247.55,0,,290131.69
2024-04-11,123456789,987654321,CREDIT,Salary Deposit,0,87.04,,290218.73
2024-04-11,123456789,987654321,CREDIT,Tax Refund,0,655.86,,290874.59
2024-04-12,123456789,987654321,DEBIT,Medical Expense,132.09,0,6395,290742.5
2024-04-12,123456789,987654321,DEBIT,Investment Income,234.04,0,,290508.46
2024-04-12,123456789,987654321,CREDIT,ATM Withdrawal,0,449.86,,290958.32
2024-04-13,123456789,987654321,CREDIT,Tax Refund,0,547.58,,291505.9
2024-04-13,123456789,987654321,CREDIT,Grocery Store,0,1734.5,,293240.4
2024-04-13,123456789,987654321,CREDIT,Medical Expense,0,33.23,,293273.63
2024-04-14,123456789,987654321,CREDIT,Investment Income,0,222.23,,293495.86
2024-04-14,123456789,987654321,DEBIT,Insurance Premium,495.01,0,,293000.85
2024-04-14,123456789,987654321,CREDIT,Bank Fee,0,117.59,,293118.44
2024-04-15,123456789,987654321,DEBIT,Freelance Work,321.56,0,,292796.88
2024-04-15,123456789,987654321,DEBIT,Travel Expense,248.75,0,,292548.13
2024-04-15,123456789,987654321,DEBIT,Entertainment,197.98,0,,292350.15
2024-04-16,123456789,987654321,CREDIT,Online Purchase,0,1081.62,,293431.77
2024-04-16,123456789,987654321,CREDIT,Interest Earned,0,288.13,,293719.9
2024-04-16,123456789,987654321,CREDIT,Utility Bill,0,592.0,,294311.9
2024-04-17,123456789,987654321,CREDIT,Interest Earned,0,375.4,,294687.3
2024-04-17,123456789,987654321,CREDIT,Interest Earned,0,1818.78,,296506.08
2024-04-17,123456789,987654321,CREDIT,Restaurant,0,1896.81,,298402.89
2024-04-18,123456789,987654321,CREDIT,Bank Fee,0,484.87,,298887.76
2024-04-18,123456789,987654321,DEBIT,Credit Card Payment,422.25,0,,298465.51
2024-04-18,123456789,987654321,CREDIT,Interest Earned,0,1539.99,,300005.5
2024-04-19,123456789,987654321,DEBIT,Restaurant,239.73,0,,299765.77
2024-04-19,123456789,987654321,CREDIT,Restaurant,0,411.95,,300177.72
2024-04-19,123456789,987654321,DEBIT,Medical Expense,287.28,0,7317,299890.44
2024-04-20,123456789,987654321,DEBIT,Bank Fee,494.94,0,,299395.5
2024-04-20,123456789,987654321,CREDIT,Bank Fee,0,457.24,,299852.74
2024-04-20,123456789,987654321,CREDIT,Utility Bill,0,922.94,,300775.68
2024-04-21,123456789,987654321,DEBIT,Tax Refund,435.79,0,,300339.89
2024-04-21,123456789,987654321,CREDIT,Utility Bill,0,534.73,,300874.62
2024-04-21,123456789,987654321,DEBIT,Investment Income,256.73,0,,300617.89
2024-04-22,123456789,987654321,CREDIT,ATM Withdrawal,0,1189.97,,301807.86
2024-04-22,123456789,987654321,DEBIT,ATM Withdrawal,372.78,0,,301435.08
2024-04-22,123456789,987654321,CREDIT,Tax Refund,0,1087.87,,302522.95
2024-04-23,123456789,987654321,CREDIT,Shopping,0,231.72,,302754.67
2024-04-23,123456789,987654321,DEBIT,Medical Expense,212.68,0,,302541.99
2024-04-23,123456789,987654321,CREDIT,ATM Withdrawal,0,1535.98,,304077.97
2024-04-24,123456789,987654321,CREDIT,Salary Deposit,0,366.43,,304444.4
2024-04-24,123456789,987654321,CREDIT,Education Expense,0,601.29,,305045.69
2024-04-24,123456789,987654321,CREDIT,Freelance Work,0,1766.03,,306811.72
2024-04-25,123456789,987654321,DEBIT,Interest Earned,48.44,0,,306763.28
2024-04-25,123456789,987654321,CREDIT,Travel Expense,0,1941.59,,308704.87
2024-04-25,123456789,987654321,DEBIT,Freelance Work,457.01,0,,308247.86
2024-04-26,123456789,987654321,CREDIT,Medical Expense,0,795.42,,309043.28
2024-04-26,123456789,987654321,DEBIT,Utility Bill,113.77,0,,308929.51
2024-04-26,123456789,987654321,DEBIT,Medical Expense,198.28,0,,308731.23
2024-04-27,123456789,987654321,CREDIT,Grocery Store,0,557.75,,309288.98
2024-04-27,123456789,987654321,DEBIT,Grocery Store,130.86,0,,309158.12
2024-04-27,123456789,987654321,DEBIT,Grocery Store,6.8,0,,309151.32
2024-04-28,123456789,987654321,CREDIT,Rent Payment,0,643.0,,309794.32
2024-04-28,123456789,987654321,DEBIT,Grocery Store,496.68,0,,309297.64
2024-04-28,123456789,987654321,CREDIT,Rent Payment,0,1730.91,,311028.55
2024-04-29,123456789,987654321,CREDIT,Online Purchase,0,538.27,,311566.82
2024-04-29,123456789,987654321,CREDIT,Tax Refund,0,269.15,,311835.97
2024-04-29,123456789,987654321,DEBIT,Insurance Premium,375.01,0,,311460.96
2024-04-30,123456789,987654321,CREDIT,Education Expense,0,121.44,,311582.4
2024-04-30,123456789,987654321,DEBIT,Restaurant,89.92,0,,311492.48
2024-04-30,123456789,987654321,DEBIT,Utility Bill,98.82,0,,311393.66
2024-05-01,123456789,987654321,CREDIT,Credit Card Payment,0,178.93,,311572.59
2024-05-01,123456789,987654321,CREDIT,Education Expense,0,40.25,,311612.84
2024-05-01,123456789,987654321,DEBIT,Bank Fee,434.98,0,,311177.86
2024-05-02,123456789,987654321,CREDIT,Grocery Store,0,1422.58,,312600.44
2024-05-02,123456789,987654321,DEBIT,Entertainment,111.27,0,,312489.17
2024-05-02,123456789,987654321,DEBIT,Salary Deposit,214.99,0,,312274.18
2024-05-03,123456789,987654321,DEBIT,Freelance Work,404.41,0,8530,311869.77
2024-05-03,123456789,987654321,DEBIT,Grocery Store,361.41,0,5550,311508.36
2024-05-03,123456789,987654321,DEBIT,Salary Deposit,221.97,0,8252,311286.39
2024-05-04,123456789,987654321,DEBIT,Medical Expense,43.07,0,,311243.32
2024-05-04,123456789,987654321,CREDIT,Entertainment,0,758.33,,312001.65
2024-05-04,123456789,987654321,CREDIT,Interest Earned,0,1764.4,,313766.05
2024-05-05,123456789,987654321,DEBIT,Medical Expense,42.22,0,,313723.83
2024-05-05,123456789,987654321,CREDIT,ATM Withdrawal,0,1362.46,,315086.29
2024-05-05,123456789,987654321,CREDIT,Salary Deposit,0,858.44,,315944.73
2024-05-06,123456789,987654321,CREDIT,Credit Card Payment,0,288.88,,316233.61
2024-05-06,123456789,987654321,DEBIT,Travel Expense,275.77,0,1917,315957.84
2024-05-06,123456789,987654321,DEBIT,Investment Income,368.71,0,,315589.13
2024-05-07,123456789,987654321,DEBIT,Tax Refund,295.49,0,,315293.64
2024-05-07,123456789,987654321,CREDIT,Gas Station,0,1729.29,,317022.93
2024-05-07,123456789,987654321,CREDIT,Freelance Work,0,1561.09,,318584.02
2024-05-08,123456789,987654321,CREDIT,Entertainment,0,351.36,,318935.38
2024-05-08,123456789,987654321,CREDIT,Education Expense,0,697.48,,319632.86
2024-05-08,123456789,987654321,DEBIT,Rent Payment,490.4,0,,319142.46
2024-05-09,123456789,987654321,CREDIT,Restaurant,0,1315.17,,320457.63
2024-05-09,123456789,987654321,DEBIT,Medical Expense,204.02,0,8748,320253.61
2024-05-09,123456789,987654321,CREDIT,Insurance Premium,0,1557.48,,321811.09
2024-05-10,123456789,987654321,CREDIT,Shopping,0,1106.89,,322917.98
2024-05-10,123456789,987654321,CREDIT,Utility Bill,0,620.3,,323538.28
2024-05-10,123456789,987654321,DEBIT,Utility Bill,290.74,0,,323247.54
2024-05-11,123456789,987654321,CREDIT,Restaurant,0,1940.18,,325187.72
2024-05-11,123456789,987654321,CREDIT,Tax Refund,0,28.16,,325215.88
2024-05-11,123456789,987654321,CREDIT,Utility Bill,0,840.39,,326056.27
2024-05-12,123456789,987654321,DEBIT,Investment Income,420.07,0,8707,325636.2
2024-05-12,123456789,987654321,DEBIT,Tax Refund,448.91,0,,325187.29
2024-05-12,123456789,987654321,DEBIT,Insurance Premium,170.62,0,,325016.67
2024-05-13,123456789,987654321,DEBIT,Medical Expense,439.46,0,,324577.21
2024-05-13,123456789,987654321,CREDIT,Shopping,0,821.51,,325398.72
2024-05-13,123456789,987654321,CREDIT,Medical Expense,0,1747.8,,327146.52
2024-05-14,123456789,987654321,DEBIT,Interest Earned,262.69,0,,326883.83
2024-05-14,123456789,987654321,DEBIT,Education Expense,97.42,0,,326786.41
2024-05-14,123456789,987654321,DEBIT,ATM Withdrawal,313.47,0,,326472.94
2024-05-15,123456789,987654321,CREDIT,Entertainment,0,733.44,,327206.38
2024-05-15,123456789,987654321,DEBIT,Investment Income,328.9,0,,326877.48
2024-05-15,123456789,987654321,CREDIT,Freelance Work,0,1276.95,,328154.43
2024-05-16,123456789,987654321,CREDIT,Restaurant,0,167.2,,328321.63
2024-05-16,123456789,987654321,CREDIT,Interest Earned,0,1726.36,,330047.99
2024-05-16,123456789,987654321,DEBIT,Gas Station,106.16,0,,329941.83
2024-05-17,123456789,987654321,CREDIT,Insurance Premium,0,703.72,,330645.55
2024-05-17,123456789,987654321,DEBIT,Freelance Work,428.76,0,8172,330216.79
2024-05-17,123456789,987654321,CREDIT,Shopping,0,739.48,,330956.27
2024-05-18,123456789,987654321,CREDIT,Medical Expense,0,521.17,,331477.44
2024-05-18,123456789,987654321,CREDIT,ATM Withdrawal,0,1161.4,,332638.84
2024-05-18,123456789,987654321,DEBIT,Interest Earned,466.59,0,,332172.25
2024-05-19,123456789,987654321,CREDIT,Salary Deposit,0,418.58,,332590.83
2024-05-19,123456789,987654321,DEBIT,Freelance Work,487.24,0,,332103.59
2024-05-19,123456789,987654321,CREDIT,Entertainment,0,1277.48,,333381.07
2024-05-20,123456789,987654321,DEBIT,Medical Expense,377.52,0,,333003.55
2024-05-20,123456789,987654321,DEBIT,Interest Earned,87.98,0,,332915.57
2024-05-20,123456789,987654321,DEBIT,Freelance Work,39.99,0,3369,332875.58
2024-05-21,123456789,987654321,CREDIT,Travel Expense,0,1844.35,,334719.93
2024-05-21,123456789,987654321,DEBIT,Freelance Work,368.63,0,,334351.3
2024-05-21,123456789,987654321,CREDIT,Rent Payment,0,775.53,,335126.83
2024-05-22,123456789,987654321,DEBIT,Bank Fee,364.18,0,,334762.65
2024-05-22,123456789,987654321,CREDIT,Rent Payment,0,1800.47,,336563.12
2024-05-22,123456789,987654321,DEBIT,Medical Expense,69.41,0,,336493.71
2024-05-23,123456789,987654321,CREDIT,Utility Bill,0,1520.48,,338014.19
2024-05-23,123456789,987654321,DEBIT,Freelance Work,91.3,0,,337922.89
2024-05-23,123456789,987654321,CREDIT,Education Expense,0,949.66,,338872.55
2024-05-24,123456789,987654321,CREDIT,Utility Bill,0,1255.55,,340128.1
2024-05-24,123456789,987654321,DEBIT,Insurance Premium,219.02,0,,339909.08
2024-05-24,123456789,987654321,CREDIT,Gas Station,0,1772.27,,341681.35
2024-05-25,123456789,987654321,DEBIT,Travel Expense,53.7,0,4591,341627.65
2024-05-25,123456789,987654321,DEBIT,Salary Deposit,341.82,0,,341285.83
2024-05-25,123456789,987654321,DEBIT,Travel Expense,484.09,0,,340801.74
2024-05-26,123456789,987654321,DEBIT,Education Expense,70.7,0,,340731.04
2024-05-26,123456789,987654321,DEBIT,Travel Expense,348.0,0,1700,340383.04
2024-05-26,123456789,987654321,CREDIT,Medical Expense,0,754.44,,341137.48
2024-05-27,123456789,987654321,DEBIT,Freelance Work,177.62,0,,340959.86
2024-05-27,123456789,987654321,DEBIT,Gas Station,182.72,0,1622,340777.14
2024-05-27,123456789,987654321,DEBIT,Interest Earned,69.0,0,,340708.14
2024-05-28,123456789,987654321,DEBIT,Entertainment,442.03,0,,340266.11
2024-05-28,123456789,987654321,DEBIT,Credit Card Payment,39.81,0,,340226.3
2024-05-28,123456789,987654321,CREDIT,Freelance Work,0,1100.31,,341326.61
2024-05-29,123456789,987654321,CREDIT,Gas Station,0,1571.57,,342898.18
2024-05-29,123456789,987654321,DEBIT,Insurance Premium,354.87,0,5100,342543.31
2024-05-29,123456789,987654321,CREDIT,ATM Withdrawal,0,711.98,,343255.29
2024-05-30,123456789,987654321,CREDIT,Travel Expense,0,1820.22,,345075.51
2024-05-30,123456789,987654321,DEBIT,ATM Withdrawal,42.98,0,,345032.53
2024-05-30,123456789,987654321,CREDIT,Rent Payment,0,1388.98,,346421.51
2024-05-31,123456789,987654321,DEBIT,Interest Earned,93.32,0,,346328.19
2024-05-31,123456789,987654321,CREDIT,Shopping,0,792.26,,347120.45
2024-05-31,123456789,987654321,CREDIT,Credit Card Payment,0,1185.68,,348306.13
2024-06-01,123456789,987654321,CREDIT,ATM Withdrawal,0,1080.52,,349386.65
2024-06-01,123456789,987654321,CREDIT,Travel Expense,0,777.24,,350163.89
2024-06-01,123456789,987654321,CREDIT,Interest Earned,0,1671.76,,351835.65
2024-06-02,123456789,987654321,CREDIT,Interest Earned,0,816.17,,352651.82
2024-06-02,123456789,987654321,CREDIT,Investment Income,0,965.65,,353617.47
2024-06-02,123456789,987654321,DEBIT,Travel Expense,440.89,0,,353176.58
2024-06-03,123456789,987654321,CREDIT,Rent Payment,0,429.44,,353606.02
2024-06-03,123456789,987654321,DEBIT,Credit Card Payment,184.36,0,,353421.66
2024-06-03,123456789,987654321,CREDIT,Utility Bill,0,1518.64,,354940.3
2024-06-04,123456789,987654321,DEBIT,Medical Expense,83.7,0,7389,354856.6
2024-06-04,123456789,987654321,CREDIT,Shopping,0,1333.86,,356190.46
2024-06-04,123456789,987654321,DEBIT,Utility Bill,416.01,0,,355774.45
2024-06-05,123456789,987654321,CREDIT,Online Purchase,0,1901.46,,357675.91
2024-06-05,123456789,987654321,DEBIT,Rent Payment,305.48,0,9047,357370.43
2024-06-05,123456789,987654321,DEBIT,Shopping,178.25,0,,357192.18
2024-06-06,123456789,987654321,CREDIT,Rent Payment,0,1524.91,,358717.09
2024-06-06,123456789,987654321,CREDIT,Investment Income,0,665.42,,359382.51
2024-06-06,123456789,987654321,DEBIT,Credit Card Payment,14.17,0,,359368.34
2024-06-07,123456789,987654321,CREDIT,Grocery Store,0,1893.66,,361262.0
2024-06-07,123456789,987654321,DEBIT,Medical Expense,375.78,0,,360886.22
2024-06-07,123456789,987654321,DEBIT,Education Expense,48.68,0,,360837.54
2024-06-08,123456789,987654321,CREDIT,Grocery Store,0,1452.23,,362289.77
2024-06-08,123456789,987654321,CREDIT,Utility Bill,0,819.38,,363109.15
2024-06-08,123456789,987654321,DEBIT,Utility Bill,292.45,0,,362816.7
2024-06-09,123456789,987654321,CREDIT,Grocery Store,0,1329.72,,364146.42
2024-06-09,123456789,987654321,CREDIT,Bank Fee,0,1255.63,,365402.05
2024-06-09,123456789,987654321,CREDIT,Education Expense,0,289.46,,365691.51
2024-06-10,123456789,987654321,CREDIT,Freelance Work,0,619.25,,366310.76
2024-06-10,123456789,987654321,CREDIT,Bank Fee,0,283.7,,366594.46
2024-06-10,123456789,987654321,CREDIT,Freelance Work,0,569.95,,367164.41
2024-06-11,123456789,987654321,DEBIT,ATM Withdrawal,308.85,0,,366855.56
2024-06-11,123456789,987654321,CREDIT,Gas Station,0,1913.1,,368768.66
2024-06-11,123456789,987654321,DEBIT,Grocery Store,441.57,0,,368327.09
2024-06-12,123456789,987654321,DEBIT,Shopping,474.67,0,,367852.42
2024-06-12,123456789,987654321,CREDIT,ATM Withdrawal,0,118.52,,367970.94
2024-06-12,123456789,987654321,DEBIT,Shopping,301.15,0,,367669.79
2024-06-13,123456789,987654321,CREDIT,Interest Earned,0,1075.58,,368745.37
2024-06-13,123456789,987654321,CREDIT,Shopping,0,342.49,,369087.86
2024-06-13,123456789,987654321,CREDIT,Investment Income,0,579.61,,369667.47
2024-06-14,123456789,987654321,CREDIT,Utility Bill,0,1638.75,,371306.22
2024-06-14,123456789,987654321,DEBIT,Interest Earned,168.17,0,,371138.05
2024-06-14,123456789,987654321,DEBIT,Freelance Work,63.72,0,7704,371074.33
2024-06-15,123456789,987654321,CREDIT,Entertainment,0,411.4,,371485.73
2024-06-15,123456789,987654321,DEBIT,Shopping,303.03,0,,371182.7
2024-06-15,123456789,987654321,DEBIT,Salary Deposit,453.89,0,1123,370728.81
2024-06-16,123456789,987654321,DEBIT,Shopping,196.94,0,,370531.87
2024-06-16,123456789,987654321,CREDIT,Interest Earned,0,1557.64,,372089.51
2024-06-16,123456789,987654321,DEBIT,Medical Expense,110.06,0,,371979.45
2024-06-17,123456789,987654321,CREDIT,Insurance Premium,0,877.9,,372857.35
2024-06-17,123456789,987654321,DEBIT,Restaurant,14.0,0,7464,372843.35
2024-06-17,123456789,987654321,CREDIT,Interest Earned,0,1910.64,,374753.99
2024-06-18,123456789,987654321,CREDIT,Restaurant,0,1602.75,,376356.74
2024-06-18,123456789,987654321,DEBIT,Investment Income,287.96,0,2339,376068.78
2024-06-18,123456789,987654321,CREDIT,Insurance Premium,0,209.41,,376278.19
2024-06-19,123456789,987654321,DEBIT,Tax Refund,34.97,0,,376243.22
2024-06-19,123456789,987654321,CREDIT,Interest Earned,0,1153.93,,377397.15
2024-06-19,123456789,987654321,CREDIT,Restaurant,0,1948.18,,379345.33
2024-06-20,123456789,987654321,DEBIT,Credit Card Payment,104.72,0,,379240.61
2024-06-20,123456789,987654321,CREDIT,Education Expense,0,1809.65,,381050.26
2024-06-20,123456789,987654321,CREDIT,Insurance Premium,0,1570.8,,382621.06
2024-06-21,123456789,987654321,CREDIT,Credit Card Payment,0,1627.23,,384248.29
2024-06-21,123456789,987654321,DEBIT,ATM Withdrawal,137.06,0,,384111.23
2024-06-21,123456789,987654321,DEBIT,Salary Deposit,397.73,0,,383713.5
2024-06-22,123456789,987654321,DEBIT,Interest Earned,286.03,0,4527,383427.47
2024-06-22,123456789,987654321,CREDIT,Gas Station,0,1879.95,,385307.42
2024-06-22,123456789,987654321,CREDIT,Medical Expense,0,1730.63,,387038.05
2024-06-23,123456789,987654321,DEBIT,Travel Expense,396.93,0,,386641.12
2024-06-23,123456789,987654321,CREDIT,Freelance Work,0,1108.34,,387749.46
2024-06-23,123456789,987654321,DEBIT,Shopping,50.14,0,,387699.32
2024-06-24,123456789,987654321,CREDIT,Investment Income,0,1425.8,,389125.12
2024-06-24,123456789,987654321,CREDIT,Grocery Store,0,1230.95,,390356.07
2024-06-24,123456789,987654321,DEBIT,Tax Refund,474.87,0,8291,389881.2
2024-06-25,123456789,987654321,CREDIT,Medical Expense,0,837.84,,390719.04
2024-06-25,123456789,987654321,CREDIT,Entertainment,0,1930.86,,392649.9
2024-06-25,123456789,987654321,DEBIT,Shopping,474.95,0,,392174.95
2024-06-26,123456789,987654321,DEBIT,Shopping,307.51,0,,391867.44
2024-06-26,123456789,987654321,CREDIT,Utility Bill,0,918.45,,392785.89
2024-06-26,123456789,987654321,CREDIT,Insurance Premium,0,60.48,,392846.37
2024-06-27,123456789,987654321,DEBIT,Insurance Premium,467.82,0,4184,392378.55
2024-06-27,123456789,987654321,DEBIT,Restaurant,358.03,0,7086,392020.52
2024-06-27,123456789,987654321,DEBIT,Rent Payment,433.72,0,,391586.8
2024-06-28,123456789,987654321,DEBIT,Investment Income,412.8,0,,391174.0
2024-06-28,123456789,987654321,CREDIT,Entertainment,0,637.54,,391811.54
2024-06-28,123456789,987654321,CREDIT,Credit Card Payment,0,66.14,,391877.68
2024-06-29,123456789,987654321,CREDIT,Insurance Premium,0,573.77,,392451.45
2024-06-29,123456789,987654321,DEBIT,Gas Station,489.1,0,,391962.35
2024-06-29,123456789,987654321,CREDIT,Interest Earned,0,1693.61,,393655.96
2024-06-30,123456789,987654321,CREDIT,Medical Expense,0,1651.7,,395307.66
2024-06-30,123456789,987654321,DEBIT,Investment Income,52.62,0,,395255.04
2024-06-30,123456789,987654321,DEBIT,Utility Bill,311.17,0,,394943.87
2024-07-01,123456789,987654321,DEBIT,Entertainment,309.17,0,,394634.7
2024-07-01,123456789,987654321,DEBIT,Restaurant,160.13,0,7803,394474.57
2024-07-01,123456789,987654321,CREDIT,Education Expense,0,359.97,,394834.54
2024-07-02,123456789,987654321,DEBIT,Rent Payment,118.9,0,7152,394715.64
2024-07-02,123456789,987654321,DEBIT,ATM Withdrawal,119.27,0,,394596.37
2024-07-02,123456789,987654321,CREDIT,Investment Income,0,1002.06,,395598.43
2024-07-03,123456789,987654321,CREDIT,Gas Station,0,507.47,,396105.9
2024-07-03,123456789,987654321,CREDIT,Entertainment,0,1084.99,,397190.89
2024-07-03,123456789,987654321,DEBIT,Credit Card Payment,465.45,0,,396725.44
2024-07-04,123456789,987654321,CREDIT,Insurance Premium,0,214.91,,396940.35
2024-07-04,123456789,987654321,DEBIT,Interest Earned,362.4,0,,396577.95
2024-07-04,123456789,987654321,DEBIT,Rent Payment,359.83,0,8903,396218.12
2024-07-05,123456789,987654321,DEBIT,Salary Deposit,106.9,0,2186,396111.22
2024-07-05,123456789,987654321,CREDIT,Utility Bill,0,1738.38,,397849.6
2024-07-05,123456789,987654321,DEBIT,Rent Payment,265.57,0,,397584.03
2024-07-06,123456789,987654321,CREDIT,Salary Deposit,0,773.91,,398357.94
2024-07-06,123456789,987654321,CREDIT,Freelance Work,0,1926.4,,400284.34
2024-07-06,123456789,987654321,DEBIT,Shopping,316.79,0,,399967.55
2024-07-07,123456789,987654321,CREDIT,Gas Station,0,1465.13,,401432.68
2024-07-07,123456789,987654321,DEBIT,Rent Payment,272.01,0,,401160.67
2024-07-07,123456789,987654321,CREDIT,Rent Payment,0,1250.28,,402410.95
2024-07-08,123456789,987654321,DEBIT,Medical Expense,382.82,0,,402028.13
2024-07-08,123456789,987654321,CREDIT,ATM Withdrawal,0,615.94,,402644.07
2024-07-08,123456789,987654321,DEBIT,Entertainment,280.08,0,,402363.99
2024-07-09,123456789,987654321,CREDIT,Utility Bill,0,985.0,,403348.99
2024-07-09,123456789,987654321,DEBIT,Education Expense,387.94,0,,402961.05
2024-07-09,123456789,987654321,DEBIT,Interest Earned,370.89,0,,402590.16
2024-07-10,123456789,987654321,CREDIT,Interest Earned,0,166.14,,402756.3
2024-07-10,123456789,987654321,DEBIT,Tax Refund,107.11,0,1969,402649.19
